@article{Begelman1980,
      author = {{Begelman}, M.~C. and {Blandford}, R.~D. and {Rees}, M.~J.},
      title = "{Massive black hole binaries in active galactic nuclei}",
      journal = {\nat},
      keywords = {Active Galactic Nuclei, Binary Stars, Black Holes (Astronomy), Stellar Evolution, Supermassive Stars, Astrophysics, Orbital Elements, Astrophysics},
      year = 1980,
      month = sep,
      volume = {287},
      number = {5780},
      pages = {307-309},
      doi = {10.1038/287307a0}
}

@article{Chandrasekhar1943,
      author = {{Chandrasekhar}, S.},
      title = "{Dynamical Friction. I. General Considerations: the Coefficient of Dynamical Friction.}",
      journal = {\apj},
      year = 1943,
      month = mar,
      volume = {97},
      pages = {255},
      doi = {10.1086/144517}
}

@article{Barnes1986,
      author = {{Barnes}, Josh and {Hut}, Piet},
      title = "{A hierarchical O(N log N) force-calculation algorithm}",
      journal = {\nat},
      keywords = {Computational Astrophysics, Many Body Problem, Numerical Integration, Stellar Motions, Algorithms, Hierarchies, Physics (General)},
      year = 1986,
      month = dec,
      volume = {324},
      number = {6096},
      pages = {446-449},
      doi = {10.1038/324446a0}
}

@article{Quinlan1996,
      title={The dynamical evolution of massive black hole binaries I. Hardening in a fixed stellar background},
      volume={1},
      ISSN={1384-1076},
      DOI={10.1016/s1384-1076(96)00003-6},
      number={1},
      journal={New Astronomy},
      publisher={Elsevier BV},
      author={Quinlan, Gerald D.},
      year={1996},
      month=jul, pages={35â€“56} }

@article{King1966,
      author = {{King}, Ivan R.},
      title = "{The structure of star clusters. III. Some simple dynamical models}",
      journal = {\aj},
      year = 1966,
      month = feb,
      volume = {71},
      pages = {64},
      doi = {10.1086/109857}
}

@article{Hernquist1990,
      author = {{Hernquist}, Lars},
      title = "{An Analytical Model for Spherical Galaxies and Bulges}",
      journal = {\apj},
      keywords = {Computational Astrophysics, Elliptical Galaxies, Galactic Bulge, Galactic Structure, Astronomical Models, Astronomical Photometry, Brightness Distribution, Distribution Functions, Astrophysics, GALAXIES: PHOTOMETRY, GALAXIES: STRUCTURE},
      year = 1990,
      month = jun,
      volume = {356},
      pages = {359},
      doi = {10.1086/168845}
}

@BOOK{Binney2008,
       author = {{Binney}, James and {Tremaine}, Scott},
       title = "{Galactic Dynamics: Second Edition}",
       year = 2008
}



