@article{Begelman1980,
      author = {{Begelman}, M.~C. and {Blandford}, R.~D. and {Rees}, M.~J.},
      title = "{Massive black hole binaries in active galactic nuclei}",
      journal = {\nat},
      keywords = {Active Galactic Nuclei, Binary Stars, Black Holes (Astronomy), Stellar Evolution, Supermassive Stars, Astrophysics, Orbital Elements, Astrophysics},
      year = 1980,
      month = sep,
      volume = {287},
      number = {5780},
      pages = {307-309},
      doi = {10.1038/287307a0}
}

@ARTICLE{Chandrasekhar1943,
      author = {{Chandrasekhar}, S.},
      title = "{Dynamical Friction. I. General Considerations: the Coefficient of Dynamical Friction.}",
      journal = {\apj},
      year = 1943,
      month = mar,
      volume = {97},
      pages = {255},
      doi = {10.1086/144517}
}


@article{King1966,
      author = {{King}, Ivan R.},
      title = "{The structure of star clusters. III. Some simple dynamical models}",
      journal = {\aj},
      year = 1966,
      month = feb,
      volume = {71},
      pages = {64},
      doi = {10.1086/109857}
}

@article{Hernquist1990,
      author = {{Hernquist}, Lars},
      title = "{An Analytical Model for Spherical Galaxies and Bulges}",
      journal = {\apj},
      keywords = {Computational Astrophysics, Elliptical Galaxies, Galactic Bulge, Galactic Structure, Astronomical Models, Astronomical Photometry, Brightness Distribution, Distribution Functions, Astrophysics, GALAXIES: PHOTOMETRY, GALAXIES: STRUCTURE},
      year = 1990,
      month = jun,
      volume = {356},
      pages = {359},
      doi = {10.1086/168845}
}

