@BOOK{Osterbrock_1989,
      author = {{Osterbrock}, Donald E.},
      publisher = {University Science Books},
      title = "{Astrophysics of gaseous nebulae and active galactic nuclei}",
      year = 1989,
}

@inbook{Boselli_2011,
  author = {{Boselli}, Alessandro},
  publisher = {John Wiley \& Sons, Ltd},
  isbn = {9783527640256},
  title = {A Panchromatic View of Galaxies},
  chapter = {12},
  pages = {125-142},
  doi = {https://doi.org/10.1002/9783527640256.ch12},
  year = {2011},
}

@article{Calzetti_2000,
  author = {{Calzetti}, Daniela and {Armus}, Lee and {Bohlin}, Ralph C. and {Kinney}, Anne L. and {Koornneef}, Jan and {Storchi-Bergmann}, Thaisa},
  title = "{The Dust Content and Opacity of Actively Star-forming Galaxies}",
  journal = {apj},
  year = 2000,
  month = apr,
  volume = {533},
  number = {2},
  pages = {682-695},
  doi = {10.1086/308692},
  adsurl = {https://ui.adsabs.harvard.edu/abs/2000ApJ...533..682C},
}

@article{Cardelli_1989,
  title={The relationship between infrared, optical, and ultraviolet extinction},
  author={Cardelli, Jason A and Clayton, Geoffrey C and Mathis, John S},
  journal={Astrophysical Journal, Part 1 (ISSN 0004-637X), vol. 345, Oct. 1, 1989, p. 245-256.},
  volume={345},
  pages={245--256},
  year={1989}
}

@article{Lin_2024,
	author = {{Lin, Zesen} and {Yan, Renbin}},
	title = {Nebular dust attenuation with the Balmer and Paschen lines based on the MaNGA survey},
	DOI= "10.1051/0004-6361/202451339",
	url= "https://doi.org/10.1051/0004-6361/202451339",
	journal = {A&A},
	year = 2024,
	volume = 691,
	pages = "A201",
}

@article{Stromgren_1939,
  author = {{Str{\"o}mgren}, Bengt},
  title = "{The Physical State of Interstellar Hydrogen.}",
  journal = {apj},
  year = 1939,
  month = may,
  volume = {89},
  pages = {526},
  doi = {10.1086/144074},
  adsurl = {https://ui.adsabs.harvard.edu/abs/1939ApJ....89..526S}
}

@article{Petrosian_1972,
  author = {{Petrosian}, Vah{\'e} and {Silk}, Joseph and {Field}, George B.},
  title = "{A Simple Analytic Approximation for Dusty STR{\"O}MGREN Spheres}",
  journal = {\apjl},
  year = 1972,
  month = oct,
  volume = {177},
  pages = {L69},
  doi = {10.1086/181054},
}


@article{McCullough_2000,
  author = {{McCullough}, Peter R.},
  title = "{Modified Str{\"o}mgren Sphere}",
  journal = {\pasp},
  year = 2000,
  volume = {112},
  number = {778},
  pages = {1542-1548},
  doi = {10.1086/317718},
}

@article{Garcia-Rojas_2014,
	author = {{García-Rojas, J.} and {Simón-Díaz, S.} and {Esteban, C.}},
	title = {The Cocoon nebula and its ionizing star: do stellar and nebular abundances agree?},
	DOI= "10.1051/0004-6361/201424660",
	journal = {A\&A},
	year = 2014,
	volume = 571,
	pages = "A93",
	month = "",
}

@article{Astrometry_2010,
  author = {{Lang}, Dustin and {Hogg}, David W. and {Mierle}, Keir and {Blanton}, Michael and {Roweis}, Sam},
  title = "{Astrometry.net: Blind Astrometric Calibration of Arbitrary Astronomical Images}",
  journal = {\aj},
  year = 2010,
  month = may,
  volume = {139},
  number = {5},
  pages = {1782-1800},
  doi = {10.1088/0004-6256/139/5/1782},
}

@article{Gaia_2023,
	author = {{Gaia Collaboration}},
	title = {Gaia Data Release 3 - Summary of the content and survey properties},
	DOI= "10.1051/0004-6361/202243940",
	url= "https://doi.org/10.1051/0004-6361/202243940",
	journal = {A\&A},
	year = 2023,
	volume = 674,
	pages = "A1",
}

@misc{Bradley_2024,
  author       = {Larry Bradley and
                  Brigitta Sip{\H o}cz and
                  Thomas Robitaille and
                  Erik Tollerud and
                  Z\`e Vin{\'{\i}}cius and
                  Christoph Deil and
                  Kyle Barbary and
                  Tom J Wilson and
                  Ivo Busko and
                  Axel Donath and
                  Hans Moritz G{\"u}nther and
                  Mihai Cara and
                  P. L. Lim and
                  Sebastian Me{\ss}linger and
                  Simon Conseil and
                  Zach Burnett and
                  Azalee Bostroem and
                  Michael Droettboom and
                  E. M. Bray and
                  Lars Andersen Bratholm and
                  Adam Ginsburg and
                  William Jamieson and
                  Geert Barentsen and
                  Matt Craig and
                  Brett M. Morris and
                  Marshall Perrin and
                  Shivangee Rathi and
                  Sergio Pascual and
                  Iskren Y. Georgiev},
  title        = {astropy/photutils: 2.0.2},
  month        = oct,
  year         = 2024,
  publisher    = {Zenodo},
  version      = {2.0.2},
  doi          = {10.5281/zenodo.13989456},
}

@misc{Barbary_extinction,
  author = {Barbary, Kyle and Shingles, Luke and Lusk, Jeremy and Boone, Kyle and Rose, Benjamin},
  doi = {10.5281/zenodo.804966},
  license = {MIT},
  title = {{extinction}},
  url = {https://github.com/sncosmo/extinction}
}
